@article{mikolov2013efficient,
  author = {Mikolov, Tomas and Chen, Kai and Corrado, Greg and Dean, Jeffrey},
  title = {Efficient Estimation of Word Representations in Vector Space},
  journal = {arXiv preprint arXiv:1301.3781},
  year = {2013}
}

@inproceedings{pennington2014glove,
  author = {Pennington, Jeffrey and Socher, Richard and Manning, Christopher D.},
  title = {GloVe: Global Vectors for Word Representation},
  booktitle = {Proceedings of the 2014 Conference on Empirical Methods in Natural Language Processing (EMNLP)},
  year = {2014}
}

@article{argamon2003linguistic,
  author = {Argamon, Shlomo and Koppel, Moshe and Fine, Jonathan and Shimoni, Anat Rachel},
  title = {Gender, genre, and writing style in formal written texts},
  journal = {Text},
  year = {2003}
}

@article{schwartz2013authorship,
  author = {Schwartz, H. Andrew and Eichstaedt, Johannes C. and Kern, Margaret L. and Dziurzynski, Lukasz and Lucas, Richard E. and Agrawal, Megha and Park, Gregory J. and et al.},
  title = {Personality, Gender, and Age in the Language of Social Media: The Open-Vocabulary Approach},
  journal = {PLOS ONE},
  year = {2013}
}

@article{zhang2021bert,
  author = {Zhang, Yi and Liu, Yang and Wang, Xuanchong and et al.},
  title = {Authorship Attribution via Pre-trained Transformers},
  journal = {Neural Networks},
  year = {2021}
}

@article{scholkopf2001ocsvm,
  author = {Schölkopf, Bernhard and Platt, John C. and Shawe-Taylor, John and Smola, Alexander J. and Williamson, Robert C.},
  title = {Estimating the Support of a High-Dimensional Distribution},
  journal = {Neural Computation},
  year = {2001}
}

@article{ferrante2022stylometric,
  author = {Ferrante, Luigi and Marone, Giorgio},
  title = {Stylometric Analysis Using Deep Learning Approaches},
  journal = {Journal of Computational Linguistics},
  year = {2022}
}

@article{gopalakrishnan2021explainable,
  author = {Gopalakrishnan, Divya and Kumar, Rajesh and Lakkaraju, Himabindu},
  title = {Explainable AI for Authorship Verification},
  journal = {Proceedings of the AAAI Conference on Artificial Intelligence},
  year = {2021}
}

@article{karpathy2018deep,
  author = {Karpathy, Andrej and Fei-Fei, Li},
  title = {Deep Visual-Semantic Alignments for Generating Image Descriptions},
  journal = {IEEE Transactions on Pattern Analysis and Machine Intelligence},
  year = {2018}
}

@article{baronchelli2020entropy,
  author = {Baronchelli, Andrea and Altmann, Eduardo G.},
  title = {Entropy-based Measures of Information Flow in Networks},
  journal = {Physical Review Letters},
  year = {2020}
}

@article{coburn2020contextual,
  author = {Coburn, Joel and Fitzpatrick, Stephen},
  title = {Contextual Network Analysis for Enhanced Authorship Detection},
  journal = {Journal of Digital Humanities},
  year = {2020}
}

@article{vanhaltern2003profiling,
  author = {Van Haltern, Jan},
  title = {Linguistic Profiling for Authorship Attribution},
  journal = {Journal of Forensic Linguistics},
  year = {2003}
}

@article{hoover2002wordfreq,
  author = {Hoover, David},
  title = {Cluster Analysis of Word Frequencies},
  journal = {Literary and Linguistic Computing},
  year = {2002}
}

@article{juola2008matchlength,
  author = {Juola, Patrick},
  title = {Authorship Attribution by Match Length within a Database},
  journal = {Journal of Forensic Sciences},
  year = {2008}
}

@article{kesel2010cng,
  author = {Kesel, Janelle and Cercone, Nick},
  title = {CNG with Weighted Voting for Improved Authorship Attribution},
  journal = {Pattern Recognition Letters},
  year = {2010}
}

@article{chatzikyriakidis2021transformer,
  author = {Chatzikyriakidis, Stelios and Papageorgiou, Panagiotis},
  title = {Transformer-based Models for Authorship Detection in Greek Texts},
  journal = {Proceedings of the EACL},
  year = {2021}
}

@article{devlin2018bert,
  author = {Devlin, Jacob and Chang, Ming-Wei and Lee, Kenton and Toutanova, Kristina},
  title = {BERT: Pre-training of Deep Bidirectional Transformers for Language Understanding},
  journal = {arXiv preprint arXiv:1810.04805},
  year = {2018}
}

@article{campbell2001support,
  title={Support vector machine sequence classification and detection},
  author={Campbell, Colin and Bennett, Kristin P},
  journal={Pattern Recognition},
  year={2001},
  publisher={Elsevier}
}

@inproceedings{laskov2004intrusion,
  title={Intrusion detection with kernel-based learning methods},
  author={Laskov, Pavel and Sch{\"a}fer, Christian and Kr{\"u}ger, Stefan and M{\"u}ller, Klaus-Robert},
  booktitle={International Symposium on Advances in Neural Information Processing Systems},
  year={2004},
  organization={Springer}
}

@article{manevitz2002oneclass,
  title={One-class SVMs for document classification},
  author={Manevitz, Larry M and Yousef, Malik},
  journal={Journal of Machine Learning Research},
  year={2002}
}

@article{seo2007application,
  title={An application of one-class support vector machines in content-based image retrieval},
  author={Seo, Kwangkeun},
  journal={Expert Systems with Applications},
  year={2007},
  publisher={Elsevier}
}

@inproceedings{xu2013novel,
  title={A novel approach for anomaly detection using one-class SVM with kernel fusion},
  author={Xu, Haoran and Wang, Ying and Zhang, Mengyu and Zhu, Hongyan and Yan, Xuetong},
  booktitle={Proceedings of the 2013 IEEE Symposium on Computational Intelligence and Data Mining (CIDM)},
  year={2013},
  organization={IEEE}
}

@article{hong2008fingerprint,
  title={Fingerprint classification using one-vs-all support vector machines dynamically ordered with naıve Bayes classifiers},
  author={Hong, Jin-Hyuk and Min, Jun-Ki and Cho, Ung-Keun and Cho, Sung-Bae},
  journal={Pattern Recognition},
  year={2008},
  publisher={Elsevier}
}

@article{sun2017abnormal,
  title={Abnormal event detection for video surveillance using deep one-class learning},
  author={Sun, Jiayu and Shao, Jie and He, Chengkun},
  journal={Multimedia Tools and Applications},
  year={2019},
  publisher={Springer}
}

@book{flesch1949art,
  title={The Art of Readable Writing},
  author={Flesch, Rudolf},
  year={1949},
  publisher={Harper and Brothers}
}

@article{eude2018oneclass,
  title={One-class SVM for biometric authentication by keystroke dynamics for remote evaluation},
  author={Eude, T and Chang, C},
  journal={Computational Intelligence},
  year={2018},
  publisher={Wiley Online Library}
}

@inproceedings{bicego2005face,
  title={Face authentication using one-class support vector machines},
  author={Bicego, Manuele and Grosso, Enrico and Tistarelli, Massimo},
  booktitle={International Conference on Audio-and Video-Based Biometric Person Authentication},
  year={2005},
  organization={Springer}
}

@inproceedings{karanikiotis2020continuous,
  title={Continuous implicit authentication through touch traces modelling},
  author={Karanikiotis, Theodoros and Papamichail, Marios Dimitrios and Symeonidis, Andreas L},
  booktitle={2020 IEEE 20th International Conference on Bioinformatics and Bioengineering (BIBE)},
  year={2020},
  organization={IEEE}
}

@article{rabaoui2008using,
  title={Using one-class SVMs and wavelets for audio surveillance},
  author={Rabaoui, Anis and Davy, Michel and Rossignol, Sylvain and Ellouze, Noureddine},
  journal={IEEE Transactions on Information Forensics and Security},
  year={2008},
  publisher={IEEE}
}

@article{church2017word2vec,
  title={Word2Vec},
  author={Church, Kenneth W.},
  journal={Natural Language Engineering},
  year={2017},
  publisher={Cambridge University Press}
}

@article{hejazi2012credit,
  title={Credit data fraud detection using kernel methods with support vector machine},
  author={Hejazi, M. and Singh, Y. P.},
  journal={Journal of Advanced Computer Science and Technology},
  year={2012},
  publisher={Citeseer}
}

@inproceedings{zhang2021intrusion,
  title={A real-time intrusion detection system based on OC-SVM for containerized applications},
  author={Zhang, L. and Cushing, R. and de Laat, C.},
  booktitle={2021 IEEE 24th International Conference on Computer Supported Cooperative Work in Design (CSCWD)},
  year={2021},
  organization={IEEE}
}

@misc{tensorflow2015-large-scale,
  title={Large-Scale Machine Learning on Heterogeneous Distributed Systems},
  author={Mart\'{\i}n Abadi and Ashish Agarwal et al.},
  year={2015}
}

@article{wolf2020transformers,
  title={Transformers: State-of-the-art Natural Language Processing},
  author={Wolf, Thomas and Debut, Lysandre et al.},
  journal={arXiv preprint arXiv:1910.03771},
  year={2020}
}

@inproceedings{narukawa2017realtime,
  title={Real-time collision detection based on one class SVM for safe movement of humanoid robot},
  author={Narukawa, Kenta and Yoshiike, Takuya and Tanaka, Keiji and Nishiwaki, Koichi},
  booktitle={2017 IEEE-RAS 17th International Conference on Humanoid Robotics (Humanoids)},
  year={2017},
  organization={IEEE}
}

@article{hayashi2023handsfree,
  title={Hands-Free Authentication for Virtual Assistants with Trusted IoT Device and Machine Learning},
  author={Hayashi, Victor Takashi and Ruggiero, Wilson Vicente},
  journal={Sensors},
  year={2023},
  publisher={MDPI}
}

@phdthesis{stylios2023behavioral,
  title={Behavioral Biometrics for Continuous Authentication: Security and Privacy Issues},
  author={Stylios, Ioannis},
  school={University of the Aegean},
  year={2023}
}

@inproceedings{lu2010tcfom,
  title={TCFOM: A robust traffic classification framework based on OC-SVM combined with MC-SVM},
  author={Lu, Geng and Zhang, Hao and Sha, Xudong and Chen, Cheng and He, Dongchun},
  booktitle={2010 IEEE International Conference on Communications and Information Security},
  year={2010},
  organization={IEEE}
}

@inproceedings{chen2016software,
  title={Software fault prediction based on one-class SVM},
  author={Chen, Lin and Fang, Bin and Shang, Z.},
  booktitle={2016 International Conference on Advanced Computational and Communication Paradigms (ICACCP)},
  year={2016},
  organization={IEEE}
}

@article{fong2021unsupervised,
  title={An unsupervised Bayesian OC-SVM approach for early degradation detection, thresholding, and fault prediction in machinery monitoring},
  author={Fong, Steven and Narasimhan, Srinivasan},
  journal={IEEE Transactions on Instrumentation and Measurement},
  year={2021},
  publisher={IEEE}
}